@book{tanenbaum:networks,
  author    = {A. S. Tanenbaum and D. Wetherall},
  title     = {Computer Networks},
  edition   = {5th},
  publisher = {Pearson},
  year      = {2011}
}

@techreport{rfc5735,
  author      = {Cotton, M. and Vegoda, L.},
  title       = {Domain Names - Concepts and Facilities},
  institution = {RFC Editor},
  year        = {1987},
  number      = {RFC 5735},
  type        = {Request for Comments},
  url         = {https://www.rfc-editor.org/rfc/rfc5735.html},
  note        = {Available: \url{https://www.rfc-editor.org/rfc/rfc5735.html}. Accessed: 2025-10-24}
}