@book{tanenbaum:networks,
  author    = {A. S. Tanenbaum and D. Wetherall},
  title     = {Computer Networks},
  edition   = {5th},
  publisher = {Pearson},
  year      = {2011}
}
@techreport{rfc793,
  author      = {J. Postel},
  title       = {Transmission Control Protocol},
  institution = {RFC Editor},
  year        = {1981},
  number      = {RFC 793},
  type        = {Request for Comments},
  url         = {https://www.rfc-editor.org/rfc/rfc793.html},
  note        = {Available: \url{https://www.rfc-editor.org/rfc/rfc793.html}. Accessed: 2025-09-04}
}
@manual{wireshark:guide,
  title  = {Wireshark Userâ€™s Guide},
  author = {{Wireshark Foundation}},
  year   = {2025},
  note   = {Available: \url{https://www.wireshark.org/docs/wsug_html_chunked}. Accessed: 2025-09-04}
}
@techreport{rfc9110,
  author      = {Fielding, Roy T. and Nottingham, Mark and Reschke, Julian},
  title       = {HTTP Semantics},
  institution = {RFC Editor},
  year        = {2022},
  number      = {RFC 9110},
  type        = {Request for Comments},
  url         = {https://www.rfc-editor.org/rfc/rfc9110},
  note        = {Available: \url{https://www.rfc-editor.org/rfc/rfc9110}. Accessed: 2025-09-04}
}
@techreport{rfc9000,
  author      = {Jana Iyengar and Martin Thomson},
  title       = {QUIC: A UDP-Based Multiplexed and Secure Transport},
  institution = {RFC Editor},
  year        = {2021},
  number      = {RFC 9000},
  type        = {Request for Comments},
  url         = {https://www.rfc-editor.org/rfc/rfc9000.pdf},
  note        = {Available: \url{https://www.rfc-editor.org/rfc/rfc9000.pdf}. Accessed: 2025-09-04}
}
// https://arxiv.org/pdf/2409.16267 for http3/2 perfcomp
//https://arxiv.org/pdf/2404.13460