@book{tanenbaum:networks,
  author = {A. S. Tanenbaum and D. Wetherall},
  title = {Computer Networks},
  edition = {5th},
  publisher = {Pearson},
  year = {2011},
}

@online{microsoft:ipconfig,
  author = {{Microsoft}},
  title = {ipconfig | Microsoft Learn},
  year = {2025},
  url = {
         https://learn.microsoft.com/en-us/windows-server/administration/windows-commands/ipconfig
         },
  note = {Available: \url{
          https://learn.microsoft.com/en-us/windows-server/administration/windows-commands/ipconfig
          }. Accessed: 2025-09-18},
}

@online{microsoft:nslookup,
  author = {{Microsoft}},
  title = {nslookup | Microsoft Learn},
  year = {2025},
  url = {
         https://learn.microsoft.com/en-us/windows-server/administration/windows-commands/nslookup
         },
  note = {Available: \url{
          https://learn.microsoft.com/en-us/windows-server/administration/windows-commands/nslookup
          }. Accessed: 2025-09-18},
}

@techreport{rfc1034,
  author = {P. Mockapetris},
  title = {Domain Names - Concepts and Facilities},
  institution = {RFC Editor},
  year = {1987},
  number = {RFC 1034},
  type = {Request for Comments},
  url = {https://www.rfc-editor.org/rfc/rfc1034.html},
  note = {Available: \url{https://www.rfc-editor.org/rfc/rfc1034.html}.
          Accessed: 2025-09-18},
}
@techreport{rfc1035,
  author = {P. Mockapetris},
  title = {Domain Names - Implementation and Specification},
  institution = {RFC Editor},
  year = {1987},
  number = {RFC 1035},
  type = {Request for Comments},
  url = {https://www.rfc-editor.org/rfc/rfc1035.html},
  note = {Available: \url{https://www.rfc-editor.org/rfc/rfc1035.html}.
          Accessed: 2025-09-18},
}

@techreport{rfc2181,
  author = {R. Elz and R. Bush},
  title = {Clarifications to the DNS Specification},
  institution = {RFC Editor},
  year = {1997},
  number = {RFC 2181},
  type = {Request for Comments},
  url = {https://www.rfc-editor.org/rfc/rfc2181.html},
  note = {Available: \url{https://www.rfc-editor.org/rfc/rfc2181.html}.
          Accessed: 2025-09-18},
}

@online{gobpe:dominio,
  author = {{Gobierno del Perú}},
  title = {Solicitar la aprobación de un dominio gob.pe para una entidad pública
           },
  year = {2025},
  url = {
         https://www.gob.pe/12744-solicitar-la-aprobacion-de-un-dominio-gob-pe-para-una-entidad-publica
         },
  note = {Available: \url{
          https://www.gob.pe/12744-solicitar-la-aprobacion-de-un-dominio-gob-pe-para-una-entidad-publica
          }. Accessed: 2025-09-18},
}

@online{godaddy:peru,
  author = {{GoDaddy}},
  title = {Registradores de dominios en Perú: ¿cómo elegir el mejor?},
  year = {2025},
  url = {
         https://www.godaddy.com/resources/latam/desarrollo/registradores-dominios-peru
         },
  note = {Available: \url{
          https://www.godaddy.com/resources/latam/desarrollo/registradores-dominios-peru
          }. Accessed: 2025-09-18},
}

@inproceedings{kosek2022doq,
  author = {Mike Kosek and Luca Schumann and Robin Marx and Trinh Viet Doan and
            Vaibhav Bajpai},
  title = {DNS Privacy with Speed? Evaluating {DNS} over {QUIC} and its Impact
           on Web Performance},
  booktitle = {Proceedings of the 22nd ACM Internet Measurement Conference (IMC
               '22)},
  address = {Nice, France},
  publisher = {ACM},
  year = {2022},
  doi = {10.1145/3517745.3561445},
}

@article{lyu2023survey,
  author = {Minzhao Lyu and Hassan Habibi Gharakheili and Vijay Sivaraman},
  title = {A Survey on {DNS} Encryption: Current Development, Malware Misuse,
           and Inference Techniques},
  journal = {ACM Computing Surveys},
  volume = {55},
  number = {8},
  articleno = {162},
  month = {Aug},
  year = {2023},
  doi = {10.1145/3547331},
}

@misc{rfc9250,
  author = {Christian Huitema and Sara Dickinson and Allison Mankin},
  title = {{DNS} over Dedicated {QUIC} Connections},
  howpublished = {RFC 9250},
  year = {2022},
  month = {May},
  publisher = {RFC Editor},
  doi = {10.17487/RFC9250},
  url = {https://www.rfc-editor.org/rfc/rfc9250},
}

@misc{rfc9230,
  author = {Eric Kinnear and Patrick McManus and Tommy Pauly and Tanya Verma and
            Christopher A. Wood},
  title = {Oblivious {DNS} over {HTTPS}},
  howpublished = {RFC 9230},
  year = {2022},
  month = {Jun},
  publisher = {RFC Editor},
  doi = {10.17487/RFC9230},
  url = {https://www.rfc-editor.org/rfc/rfc9230},
}

